@article{wilks,
    author = {Samuel S. Wilks},
    title = {{The Large-Sample Distribution of the Likelihood Ratio for Testing Composite Hypotheses}},
    volume = {9},
    journal = {The Annals of Mathematical Statistics},
    number = {1},
    publisher = {Institute of Mathematical Statistics},
    pages = {60 -- 62},
    year = {1938},
    doi = {10.1214/aoms/1177732360},
    URL = {https://doi.org/10.1214/aoms/1177732360}
}

@article{wilks_exc_1,
   title={Searching for new phenomena with profile likelihood ratio tests},
   volume={2},
   ISSN={2522-5820},
   url={http://dx.doi.org/10.1038/s42254-020-0169-5},
   DOI={10.1038/s42254-020-0169-5},
   number={5},
   journal={Nature Reviews Physics},
   publisher={Springer Science and Business Media LLC},
   author={Algeri, Sara and Aalbers, Jelle and Mor√•, Knut Dundas and Conrad, Jan},
   year={2020},
   month=apr,
   pages={245 -- 252}
}

@article{wilks_exc_2,
author = {Herman Chernoff},
title = {{On the Distribution of the Likelihood Ratio}},
volume = {25},
journal = {The Annals of Mathematical Statistics},
number = {3},
publisher = {Institute of Mathematical Statistics},
pages = {573 -- 578},
year = {1954},
doi = {10.1214/aoms/1177728725},
URL = {https://doi.org/10.1214/aoms/1177728725}
}
